@misc{SparkDoc,
author = {},
title = {http://spark.apache.org/examples.html},
month = {},
year = {},
note = {(Accessed on 03/10/2017)}
}

@misc{wwwguten70,
author = {},
title = {www.gutenberg.ca/ebooks/youngg-seibertoftheisland/youngg-seibertoftheisland-00-t.txt},
howpublished = {http://www.gutenberg.ca/ebooks/youngg-seibertoftheisland/youngg-seibertoftheisland-00-t.txt},
month = {},
year = {},
note = {(Accessed on 03/16/2017)}
}

@misc{indicPays,
title = {Indicatif des pays},
howpublished = {https://datahub.io/fr/dataset/iso-3166-1-alpha-2-country-codes/resource/9c3b30dd-f5f3-4bbe-a3cb-d7b2c21d66ce},
note = {(Accessed on 03/14/2017)}
}
